% This file was created with JabRef 2.10.
% Encoding: Cp1252


@Electronic{Tracker,
  Title                    = {Tracker Video analysis and Modeling Tool},
  Author                   = {Douglas Brown},
  Url                      = {http://physlets.org/tracker/},
  Year                     = {(Visited 18-05-2016)},

  Owner                    = {Tobias},
  Timestamp                = {2016.04.20}
}

@Book{DTSP,
  Title                    = {Discrete-Time Signal Processing},
  Author                   = {Alan V. Oppenheim and Ronald W. Schafer},
  Publisher                = {Pearson},
  Year                     = {2014},

  Owner                    = {Martin Kamp Dalgaard},
  Tilte                    = {Discrete-Time Signal Processing},
  Timestamp                = {2017.02.24}
}

