% This file was created with JabRef 2.10.
% Encoding: Cp1252


@Book{origins,
  Title                    = {The Origins of Music},
  Author                   = {Simha Arom and Derek Bickerton and Steven Brown et al.},
  Editor                   = {Bjorn Merker and Steven Brown},
  Publisher                = {The MIT Press},
  Year                     = {2000},
  Note                     = {Visited 24-05-2017},

  Owner                    = {Martin Kamp Dalgaard},
  Timestamp                = {2017.05.24},
  Url                      = {https://mitpress.mit.edu/books/origins-music}
}

@Article{Benetos2013,
  Title                    = {Automatic Music Transcription: Challenges and Future Directions},
  Author                   = {Emmanouil Benetos and Simon Dixon and Dimitros Giannoulis and Holger Kirchhoff and Anssi Klapuri},
  Year                     = {2013},
  Note                     = {Visited 24-05-2017},

  Owner                    = {Martin Kamp Dalgaard},
  Publisher                = {Journal of Intelligent Information},
  Timestamp                = {2017.02.24},
  Url                      = {http://openaccess.city.ac.uk/2524/}
}

@Misc{sol2,
  Title                    = {A Generative Model for Music Transcription},

  Author                   = {Ali Taylan Camgil and Bert Kappen and David Barber},
  Note                     = {Visited 24-05-2017},

  Owner                    = {Martin Kamp Dalgaard},
  Publisher                = {Idiap Research Institute},
  Timestamp                = {2017.05.24},
  Url                      = {https://infoscience.epfl.ch/record/83228/files/barber-idiap-rr-05-89.pdf}
}

@Book{FSE2010,
  Title                    = {Functions, Spaces, and Expansions},
  Author                   = {Ole Christensen},
  Editor                   = {John J. Benedetto;},
  Publisher                = {Birkhauser},
  Year                     = {2010},

  Doi                      = {10.1007/978-0-8176-4980-7},
  Owner                    = {Martin Kamp Dalgaard},
  Timestamp                = {2017.05.07}
}

@Misc{AcousticNoise,
  Title                    = {Acoustic Noise},

  Author                   = {Malcolm J. Crocker and John E. Ffowcs-Williams},
  HowPublished             = {AccessScience, McGraw-Hill Education},
  Note                     = {Visited 09-02-2017},
  Year                     = {2014},

  Owner                    = {Martin Kamp Dalgaard},
  Timestamp                = {2017.02.09},
  Url                      = {http://www.accessscience.com/content/acoustic-noise/006100}
}

@Book{FAA,
  Title                    = {Fourier Analysis and its Applications},
  Author                   = {Gerald B. Folland},
  Publisher                = {American Mathematical Society},
  Year                     = {1992},

  Owner                    = {Martin Kamp Dalgaard},
  Timestamp                = {2017.05.24}
}

@Misc{SineWave,
  Title                    = {Sine wave},

  Author                   = {William J. Galloway},
  Note                     = {Visited 24-05-2017},
  Year                     = {2014},

  Owner                    = {Martin Kamp Dalgaard},
  Timestamp                = {2017.02.15},
  Url                      = {http://www.accessscience.com/content/sine-wave/624800#PRILIT}
}

@Book{dyslexia,
  Title                    = {Dyslexia and Musical Notation},
  Author                   = {Leonore Ganschow and Jenafer Lloyd-Jones and T.R. Miles},
  Publisher                = {Springer},
  Year                     = {1994},
  Note                     = {Visited 24-05-2017},

  Owner                    = {Martin Kamp Dalgaard},
  Timestamp                = {2017.02.24},
  Url                      = {http://www.jstor.org/stable/23769692}
}

@Book{FTFA,
  Title                    = {Foundations of Time-Frequency Analysis},
  Author                   = {Karlheinz Grochenig},
  Editor                   = {John J. Benedetto},
  Publisher                = {Birkhauser},
  Year                     = {2001},

  Owner                    = {Martin Kamp Dalgaard},
  Timestamp                = {2017.05.24}
}

@Article{fredric_harris,
  Title                    = {On the use of windows for harmonic analysis with the discrete Fourier transform},
  Author                   = {Fredric J. Harris},
  Journal                  = {Proceedings of the IEEE},
  Year                     = {1978},

  Month                    = {January},
  Note                     = {Visited 24-05-2017},
  Pages                    = {51-83},
  Volume                   = {66},

  Comment                  = {Visited 18-05-2017},
  Doi                      = {10.1109/PROC.1978.10837},
  Owner                    = {Martin Kamp Dalgaard},
  Timestamp                = {2017.05.18},
  Url                      = {http://ieeexplore.ieee.org/document/1455106/}
}

@Book{sol1,
  Title                    = {Signal Processing Methods for Music Transcription},
  Author                   = {Anssi Klapuri and Manuel Davy},
  Publisher                = {Springer},
  Year                     = {2006},

  Owner                    = {Martin Kamp Dalgaard},
  Timestamp                = {2017.02.24}
}

@Misc{Markandeya,
  Title                    = {Snore Sound Analysis: Within and Beyond Human Hearing Range},

  Author                   = {MN Markandeya},
  Note                     = {Visited 22-05-2017},
  Year                     = {2017},

  Owner                    = {Martin Kamp Dalgaard},
  Publisher                = {SLEEP},
  Timestamp                = {2017.05.24},
  Url                      = {https://oup.silverchair-cdn.com/oup/backfile/Content_public/Journal/sleep/40/suppl_1/10.1093_sleepj_zsx050.437/2/zsx050.437.pdf?Expires=1495531290&Signature=RsmwgWbsp2AcUeuCpyNTOV87QsuW9KinpoME0vxKDAGkSltq4ynD2HhTAS3bltqDw2bDBPxsVEai9Im~91~e4gy0HxyFGaCbTdwj32aoUSSErg8JZBPWLdtXDJx0gcWKvztexYPzhFo6uW9B2h1TFZDb7xi2UX6hJWhC3qKiLENKZyHD69ntwc69zcqgjTYUjS-Z~pWWi7SaWcBemBG1Yi6-KksK-3XrBOmZw4iYpWyCsttS75WGlZT9Px~JB5ijpHKvw1oH3qI33OIAghvMtGtUj92gfPmUwx1TKwh0TX8N3uHFHBfz2FcOTPCgGuw2~FIL0s2RzTDlXh5coBrtLA__&Key-Pair-Id=APKAIUCZBIA4LVPAVW3Q}
}

@Book{indsæt,
  Title                    = {Numerical Methods Using Matlab, 4th Edition},
  Author                   = {John H. Mathews and Kurtis K. Fink},
  Publisher                = {Pearson},
  Year                     = {2004},

  Owner                    = {Martin Kamp Dalgaard},
  Timestamp                = {2017.02.24}
}

@Misc{AcousticGuitar,
  Title                    = {Acoustic Guitar},

  Author                   = {R. Nave},
  Note                     = {Visited 24-05-2017},

  Owner                    = {Martin Kamp Dalgaard},
  Timestamp                = {2017.05.24},
  Url                      = {http://hyperphysics.phy-astr.gsu.edu/hbase/Music/guita.html#c2}
}

@Article{Mic,
  Title                    = {Alt om lydkort},
  Author                   = {Torben Okholm},
  Year                     = {2016},
  Note                     = {Visited 24-05-2017},

  Owner                    = {Martin Kamp Dalgaard},
  Publisher                = {Alt om data},
  Timestamp                = {2017.05.24},
  Url                      = {http://www.altomdata.dk/alt-om-lydkort}
}

@Book{DTSP,
  Title                    = {Discrete-Time Signal Processing},
  Author                   = {Alan V. Oppenheim and Ronald W. Schafer},
  Publisher                = {Pearson},
  Year                     = {2014},

  Owner                    = {Martin Kamp Dalgaard},
  Tilte                    = {Discrete-Time Signal Processing},
  Timestamp                = {2017.02.24}
}

@Book{pelgrom,
  Title                    = {Analog-to-Digital Conversion},
  Author                   = {Marcel Pelgrom},
  Publisher                = {Springer},
  Year                     = {2017},

  Owner                    = {Martin Kamp Dalgaard},
  Timestamp                = {2017.02.24}
}

@Misc{wave_tut,
  Title                    = {The Wavelet Tutorial},

  Author                   = {Robi Polikar},
  Note                     = {Visited 24-05-2017},

  Owner                    = {Martin Kamp Dalgaard},
  Timestamp                = {2017.05.24},
  Url                      = {http://web.iitd.ac.in/~sumeet/WaveletTutorial.pdf}
}

@Misc{DFT,
  Title                    = {The Discrete Fourier Transform},

  Author                   = {Stephen Roberts},
  Year                     = {2006},

  Comment                  = {Visited 04-04-2017},
  Owner                    = {Christian Hilligsøe Toft},
  Timestamp                = {2017.04.04},
  Url                      = {http://www.robots.ox.ac.uk/~sjrob/Teaching/SP/l7.pdf}
}

@Misc{transcribe!,
  Title                    = {Transcribe!},

  Author                   = {Seventh String Software},
  Note                     = {Visited 24-05-2017},

  Owner                    = {Martin Kamp Dalgaard},
  Timestamp                = {2017.05.24},
  Url                      = {https://www.seventhstring.com/xscribe/overview.html}
}

@Misc{Davis,
  Title                    = {Local time-frequency analysis and short time Fourier transform},

  Author                   = {Thomas Strohmer},
  Note                     = {Visited 24-05-2017},

  Owner                    = {Martin Kamp Dalgaard},
  Timestamp                = {2017.05.24},
  Url                      = {https://www.math.ucdavis.edu/~strohmer/research/gabor/gaborintro/node3.html}
}

@Misc{FourierTrans,
  Title                    = {Fourier Series. Fourier Transform},

  Author                   = {Lia Vas},
  Note                     = {Visited 24-05-2017},

  Owner                    = {Martin Kamp Dalgaard},
  Timestamp                = {2017.05.24},
  Url                      = {http://liavas.net/courses/mathmethods/files/Fourier.pdf}
}

@Book{signal_noise,
  Title                    = {Advanced Digital Signal and Noise Reduction},
  Author                   = {Saeed V. Vaseghi},
  Publisher                = {Wiley},
  Note                     = {Visited 12-03-2017},

  Owner                    = {Frederik Vardinghus},
  Timestamp                = {2017.05.24}
}

@Book{FSP,
  Title                    = {Foundations of Signal Processing},
  Author                   = {Martin Vetterli and Jelena Kovacevic and Vivek K. Goyal},
  Publisher                = {Cambridge University},
  Year                     = {2014},
  Note                     = {Visited 24-05-2017},

  Owner                    = {Martin Kamp Dalgaard},
  Timestamp                = {2017.02.24},
  Url                      = {http://www.fourierandwavelets.org/FSP_v1.1_2014.pdf}
}

@Book{Wang,
  Title                    = {Introduction to Orthogonal Transforms with Applications in Data Processing and Analysis},
  Author                   = {Ruye Wang},
  Publisher                = {Cambridge University Press},
  Year                     = {2007},

  Owner                    = {Martin Kamp Dalgaard},
  Timestamp                = {2017.03.29}
}

@Misc{WikiGuitar,
  Title                    = {Guitar},

  Author                   = {Wikipedia},
  Note                     = {Visited 24-05-2017},
  Year                     = {2017},

  Owner                    = {Martin Kamp Dalgaard},
  Timestamp                = {2017.05.24},
  Url                      = {https://en.wikipedia.org/wiki/Guitar}
}

@Misc{MusicTheory,
  Title                    = {Mathematics and Music},

  Author                   = {David Wright},
  Note                     = {Visited 24-05-2017},
  Year                     = {2009},

  Owner                    = {Martin Kamp Dalgaard},
  Timestamp                = {2017.05.24},
  Url                      = {http://www.math.wustl.edu/~wright/Math109/00Book.pdf}
}

@Misc{ADC_spec,
  Title                    = {Roland Quad-capture},

  Auther                   = {Roland Corporation},
  Comment                  = {Visited 22-05-2017},
  Owner                    = {Christian Hilligsøe Toft},
  Timestamp                = {2017.04.07},
  Url                      = {https://www.roland.com/global/products/quad-capture/specifications/}
}

@Misc{anechoic,
  Title                    = {Acoustics Laboratories - Facilities Information},
  Note                     = {Visited 07-03-2017},

  Owner                    = {Trine Nyholm Jensen},
  Timestamp                = {2017.03.07},
  Url                      = {http://doc.es.aau.dk/labs/acoustics/}
}

@Misc{Eigenfunctions,
  Title                    = {Eigenfunction},

  Comment                  = {Visited 07-04-2017},
  Owner                    = {Christian Hilligsøe Toft},
  Timestamp                = {2017.04.07},
  Url                      = {http://mathworld.wolfram.com/Eigenfunction.html}
}

@Misc{guitar_strings,
  Title                    = {Note Frequencies},
  Note                     = {Visited 24-05-2017},

  Owner                    = {Frederik Appel Vardinghus-Nielsen},
  Timestamp                = {2017.05.24},
  Url                      = {https://www.seventhstring.com/resources/notefrequencies.html}
}

@Misc{harmonics,
  Title                    = {How Acoustic Guitars Work},
  Note                     = {Visited 24-05-2017},

  Owner                    = {Martin Kamp Dalgaard},
  Timestamp                = {2017.05.24},
  Url                      = {http://entertainment.howstuffworks.com/guitar5.htm}
}

@Misc{mic_spec,
  Title                    = {AKG Model C 414 B/ULS},
  Note                     = {Visited 24-05-2017},

  Auther                   = {AKG Acoustics},
  Owner                    = {Martin Kamp Dalgaard},
  Timestamp                = {2017.04.07},
  Url                      = {http://cloud.akg.com/9406/c414b_uls_cutsheet.pdf}
}

@Misc{vmodel,
  Title                    = {V-Model},
  Note                     = {Visited 24-05-2017},

  Owner                    = {Trine Nyholm Jensen},
  Timestamp                = {2017.05.24},
  Url                      = {https://www.tutorialspoint.com/sdlc/sdlc_v_model.htm}
}

@Misc{DFT_OX,
  Title                    = {Discrete Fourier Transfrom},
  Year                     = {2006},

  Auther                   = {Stephen Roberts},
  Comment                  = {Visited 07-04-2017},
  Owner                    = {Christian Hilligsøe Toft},
  Timestamp                = {2017.04.07},
  Url                      = {http://mathworld.wolfram.com/Eigenfunction.html}
}

